@article{random-search,
 author = {Bergstra, James and Bengio, Yoshua},
 title = {Random Search for Hyper-parameter Optimization},
 journal = {J. Mach. Learn. Res.},
 year = {2012}
}
@inproceedings{grid-search,
 author = {Larochelle, Hugo and Erhan, Dumitru and Courville, Aaron and Bergstra, James and Bengio, Yoshua},
 title = {An Empirical Evaluation of Deep Architectures on Problems with Many Factors of Variation},
 booktitle = {Proceedings of the 24th International Conference on Machine Learning},
 year = {2007}
}
@InProceedings{glorot,
  title = 	 {Understanding the difficulty of training deep feedforward neural networks},
  author = 	 {Xavier Glorot and Yoshua Bengio},
  booktitle = 	 {Proceedings of the Thirteenth International Conference on Artificial Intelligence and Statistics},
  year = 	 {2010}
}
@article{he,
  author    = {Kaiming He and
               Xiangyu Zhang and
               Shaoqing Ren and
               Jian Sun},
  title     = {Delving Deep into Rectifiers: Surpassing Human-Level Performance on
               ImageNet Classification},
  journal   = {CoRR},
  year      = {2015}
}
@techreport{adagrad,
    Author = {Duchi, John and Hazan, Elad and Singer, Yoram},
    Title = {Adaptive Subgradient Methods for Online Learning and Stochastic Optimization},
    Institution = {EECS Department, University of California, Berkeley},
    Year = {2010}
}
@article{adam,
    Author  = {Durk Kingma and Jimmy Ba},
    Title   = {Adam: A Method for Stochastic Optimization},
    Journal = {arXiv:1412.6980},
    Year    = {2014}
}
@misc{rmsprop,
  title={{Lecture 6.5---RmsProp: Divide the gradient by a running average of its recent magnitude}},
  author={Tieleman, T. and Hinton, G.},
  howpublished={COURSERA: Neural Networks for Machine Learning},
  year={2012}
}
@article{batchnorm,
  author    = {Sergey Ioffe and
               Christian Szegedy},
  title     = {Batch Normalization: Accelerating Deep Network Training by Reducing
               Internal Covariate Shift},
  journal   = {CoRR},
  year      = {2015}
}
@article{dropout,
 author = {Srivastava, Nitish and Hinton, Geoffrey and Krizhevsky, Alex and Sutskever, Ilya and Salakhutdinov, Ruslan},
 title = {Dropout: A Simple Way to Prevent Neural Networks from Overfitting},
 journal = {J. Mach. Learn. Res.},
 year = {2014}
} 
