@article{random-search,
 author = {Bergstra, James and Bengio, Yoshua},
 title = {Random Search for Hyper-parameter Optimization},
 journal = {J. Mach. Learn. Res.},
 year = {2012}
}
@inproceedings{grid-search,
 author = {Larochelle, Hugo and Erhan, Dumitru and Courville, Aaron and Bergstra, James and Bengio, Yoshua},
 title = {An Empirical Evaluation of Deep Architectures on Problems with Many Factors of Variation},
 booktitle = {Proceedings of the 24th International Conference on Machine Learning},
 year = {2007}
}
@InProceedings{glorot,
  title = 	 {Understanding the difficulty of training deep feedforward neural networks},
  author = 	 {Xavier Glorot and Yoshua Bengio},
  booktitle = 	 {Proceedings of the Thirteenth International Conference on Artificial Intelligence and Statistics},
  year = 	 {2010}
}
@article{he,
  author    = {Kaiming He and
               Xiangyu Zhang and
               Shaoqing Ren and
               Jian Sun},
  title     = {Delving Deep into Rectifiers: Surpassing Human-Level Performance on
               ImageNet Classification},
  journal   = {CoRR},
  year      = {2015}
}
@article{batchnorm,
  author    = {Sergey Ioffe and
               Christian Szegedy},
  title     = {Batch Normalization: Accelerating Deep Network Training by Reducing
               Internal Covariate Shift},
  journal   = {CoRR},
  year      = {2015}
}
@article{dropout,
 author = {Srivastava, Nitish and Hinton, Geoffrey and Krizhevsky, Alex and Sutskever, Ilya and Salakhutdinov, Ruslan},
 title = {Dropout: A Simple Way to Prevent Neural Networks from Overfitting},
 journal = {J. Mach. Learn. Res.},
 year = {2014}
}
@article{bandit-hyp-opt,
  author    = {Lisha Li and Kevin G. Jamieson and Giulia DeSalvo and Afshin Rostamizadeh and Ameet Talwalkar},
  title     = {Efficient Hyperparameter Optimization and Infinitely Many Armed Bandits},
  journal   = {CoRR},
  year      = {2016},
}
@inproceedings{bayesian-hyp-opt,
 author = {Snoek, Jasper and Rippel, Oren and Swersky, Kevin and Kiros, Ryan and Satish, Nadathur and Sundaram, Narayanan and Patwary, Md. Mostofa Ali and Prabhat, Prabhat and Adams, Ryan P.},
 title = {Scalable Bayesian Optimization Using Deep Neural Networks},
 booktitle = {Proceedings of the 32Nd International Conference on International Conference on Machine Learning - Volume 37},
 year = {2015},
} 
@inproceedings{grad-hyp-opt,
 author = {Maclaurin, Dougal and Duvenaud, David and Adams, Ryan P.},
 title = {Gradient-based Hyperparameter Optimization Through Reversible Learning},
 booktitle = {Proceedings of the 32Nd International Conference on International Conference on Machine Learning - Volume 37},
 year = {2015},
}
@article{tpami-ensemble-1990,
 author = {Hansen, L. K. and Salamon, P.},
 title = {Neural Network Ensembles},
 journal = {IEEE Trans. Pattern Anal. Mach. Intell.},
 year = {1990},
}
@inproceedings{nips-ensemble-1995,
    author = {Anders Krogh and Jesper Vedelsby},
    title = {Neural Network Ensembles, Cross Validation, and Active Learning},
    booktitle = {Advances in Neural Information Processing Systems},
    year = {1995},
}
@article{nc-ensemble-2000,
 author = {Schwenk, Holger and Bengio, Yoshua},
 title = {Boosting Neural Networks},
 journal = {Neural Comput.},
 year = {2000},
}
@ARTICLE{arxiv-ensemble-2017,
   author = {{Ju}, C. and {Bibaut}, A. and {van der Laan}, M.~J.},
    title = "{The Relative Performance of Ensemble Methods with Deep Convolutional Neural Networks for Image Classification}",
  journal = {ArXiv e-prints},
     year = 2017,
}
